<record><leader>00000cas a22000007a 4500</leader><controlfield tag="001">47170999</controlfield><controlfield tag="008">010621d19271971nyuar ne      0    0eng d</controlfield><datafield ind1=" " ind2=" " tag="010"><subfield code="a">sn2001061819</subfield></datafield><datafield ind1=" " ind2=" " tag="040"><subfield code="a">VJN</subfield><subfield code="b">eng</subfield><subfield code="c">VJN</subfield><subfield code="d">NYS</subfield><subfield code="d">OCLCQ</subfield><subfield code="d">OCLCF</subfield><subfield code="d">OCLCO</subfield></datafield><datafield ind1=" " ind2=" " tag="019"><subfield code="a">33140285</subfield></datafield><datafield ind1="1" ind2=" " tag="029"><subfield code="a">AU@</subfield><subfield code="b">000022831942</subfield></datafield><datafield ind1=" " ind2=" " tag="042"><subfield code="a">msc</subfield></datafield><datafield ind1=" " ind2=" " tag="043"><subfield code="a">n-us-ny</subfield></datafield><datafield ind1="0" ind2=" " tag="130"><subfield code="a">Rambler (Albany, N.Y.)</subfield></datafield><datafield ind1="1" ind2="4" tag="245"><subfield code="a">The rambler.</subfield></datafield><datafield ind1=" " ind2=" " tag="260"><subfield code="a">Albany, N.Y. :</subfield><subfield code="b">Published by the students of the College of Saint Rose,</subfield><subfield code="c">-1971.</subfield></datafield><datafield ind1=" " ind2=" " tag="300"><subfield code="a">v. :</subfield><subfield code="b">ill.</subfield></datafield><datafield ind1=" " ind2=" " tag="310"><subfield code="a">Annual,</subfield><subfield code="b">&lt;1970-1971&gt;</subfield></datafield><datafield ind1=" " ind2=" " tag="321"><subfield code="a">Bimonthly,</subfield><subfield code="b">&lt;1928-1936&gt;</subfield></datafield><datafield ind1=" " ind2=" " tag="321"><subfield code="a">Three times a year,</subfield><subfield code="b">&lt;1946-1947&gt;</subfield></datafield><datafield ind1=" " ind2=" " tag="321"><subfield code="a">Semiannual,</subfield><subfield code="b">&lt;1950-1952&gt;</subfield></datafield><datafield ind1="1" ind2=" " tag="362"><subfield code="a">Began in 1927?</subfield></datafield><datafield ind1="0" ind2=" " tag="362"><subfield code="a">-1971.</subfield></datafield><datafield ind1="1" ind2=" " tag="490"><subfield code="a">The College of Saint Rose student newspapers</subfield></datafield><datafield ind1=" " ind2=" " tag="500"><subfield code="a">After 1935 published as a literary/arts periodical.</subfield></datafield><datafield ind1=" " ind2=" " tag="506"><subfield code="a">Original issues available in the Archives (3rd floor).</subfield></datafield><datafield ind1=" " ind2=" " tag="530"><subfield code="a">Also issued on microfilm from the New York State Library.</subfield></datafield><datafield ind1=" " ind2=" " tag="588"><subfield code="a">Description based on: Vol. 1, no. 2 (Easter 1928).</subfield></datafield><datafield ind1="2" ind2="0" tag="610"><subfield code="a">College of Saint Rose (Albany, N.Y.)</subfield></datafield><datafield ind1=" " ind2="0" tag="650"><subfield code="a">College student newspapers and periodicals</subfield><subfield code="z">New York (State)</subfield><subfield code="z">Albany.</subfield></datafield><datafield ind1=" " ind2="0" tag="651"><subfield code="a">Albany (N.Y.)</subfield><subfield code="v">Newspapers.</subfield></datafield><datafield ind1=" " ind2="0" tag="651"><subfield code="a">Albany County (N.Y.)</subfield><subfield code="v">Newspapers.</subfield></datafield><datafield ind1=" " ind2="7" tag="655"><subfield code="a">College student newspapers</subfield><subfield code="z">New York (State)</subfield><subfield code="z">Albany.</subfield><subfield code="2">ngl</subfield></datafield><datafield ind1=" " ind2="7" tag="655"><subfield code="a">Newspapers.</subfield><subfield code="2">fast</subfield><subfield code="0">(OCoLC)fst01423814</subfield></datafield><datafield ind1="2" ind2="7" tag="610"><subfield code="a">College of Saint Rose (Albany, N.Y.)</subfield><subfield code="2">fast</subfield><subfield code="0">(OCoLC)fst00602220</subfield></datafield><datafield ind1=" " ind2="7" tag="650"><subfield code="a">College student newspapers and periodicals.</subfield><subfield code="2">fast</subfield><subfield code="0">(OCoLC)fst00867966</subfield></datafield><datafield ind1=" " ind2="7" tag="651"><subfield code="a">New York (State)</subfield><subfield code="z">Albany.</subfield><subfield code="2">fast</subfield><subfield code="0">(OCoLC)fst01225716</subfield></datafield><datafield ind1=" " ind2="7" tag="651"><subfield code="a">New York (State)</subfield><subfield code="z">Albany County.</subfield><subfield code="2">fast</subfield><subfield code="0">(OCoLC)fst01210357</subfield></datafield><datafield ind1="2" ind2=" " tag="710"><subfield code="a">College of Saint Rose (Albany, N.Y.)</subfield></datafield><datafield ind1=" " ind2=" " tag="752"><subfield code="a">United States</subfield><subfield code="b">New York</subfield><subfield code="c">Albany</subfield><subfield code="d">Albany.</subfield></datafield><datafield ind1="0" ind2="0" tag="780"><subfield code="t">Canary trills</subfield><subfield code="w">(DLC)sn2001061818</subfield><subfield code="w">(OCoLC)47170988</subfield></datafield><datafield ind1="0" ind2="1" tag="785"><subfield code="t">Arrow (Albany, N.Y.)</subfield><subfield code="w">(DLC)sn2001061821</subfield><subfield code="w">(OCoLC)47171006</subfield></datafield><datafield ind1="0" ind2="0" tag="785"><subfield code="t">Rambler II (Albany, N.Y.)</subfield><subfield code="w">(OCoLC)47171093</subfield></datafield><datafield ind1=" " ind2="0" tag="830"><subfield code="a">College of Saint Rose student newspapers.</subfield></datafield></record>